% BibTeX

@book{algo,
  title = {Nombre},
  author = {Fulano and Fulana},
  year = 2000,
  publisher = {Editorial}
}

@article{revista,
  journal = {Nombre de revista},
  volume = 32,
  number = 4,
  title = {Art\'{\i}culo},
  author = {Persona Tal},
  year = 2013
}

@article{SteganoMessagesBits,
	journal = {ALGO},
	volume = 0,
	number = 0,
	title = {Steganography - Messages Hidden in Bits},
	author = {Watkins, J.},
	year = {2001},
	publisher = {ALGO}
}

@article{TowardTheoryStegano,
	journal = {ALGO},
	volume = 0,
	number = 0,
	title = {Toward a theory of Steganography},
	author = {Nicholas J. Hopper},
	year = {2004}
}

@article{MP3SteganoReview,
	journal = {ALGO},
	volume = 0,
	number = 0,
	title = {MP3 Steganography: Review},
	author = {Atoum, M. S., Ibrahim S., Sulong G., M-Ahmad, A.},
	year = {2012},
}
 
